<record><leader>00000cas a22000007a 4500</leader><controlfield tag="001">28339445</controlfield><controlfield tag="008">930626d19091910okuwr ne      0    0eng d</controlfield><datafield ind1=" " ind2=" " tag="010"><subfield code="a">sn 93066087 </subfield></datafield><datafield ind1=" " ind2=" " tag="040"><subfield code="a">OBN</subfield><subfield code="b">eng</subfield><subfield code="c">OBN</subfield><subfield code="d">OCL</subfield><subfield code="d">OCLCQ</subfield></datafield><datafield ind1=" " ind2=" " tag="042"><subfield code="a">msc</subfield></datafield><datafield ind1="0" ind2=" " tag="130"><subfield code="a">Citizen (Conroy, Okla. : 1909)</subfield></datafield><datafield ind1="1" ind2="4" tag="245"><subfield code="a">The citizen.</subfield></datafield><datafield ind1="3" ind2="0" tag="246"><subfield code="a">Conroy citizen</subfield></datafield><datafield ind1="1" ind2="7" tag="246"><subfield code="a">Lakemp citizen</subfield></datafield><datafield ind1=" " ind2=" " tag="260"><subfield code="a">Conroy [Lakemp], Beaver County, Okla. :</subfield><subfield code="b">P.F. Rayl</subfield></datafield><datafield ind1=" " ind2=" " tag="300"><subfield code="a">v.</subfield></datafield><datafield ind1=" " ind2=" " tag="310"><subfield code="a">Weekly</subfield></datafield><datafield ind1="1" ind2=" " tag="362"><subfield code="a">Began in 1909; ceased June 26, 1910.</subfield></datafield><datafield ind1=" " ind2=" " tag="588"><subfield code="a">Description based on: Vol. 1, no. 2 (Jan. 29, 1909).</subfield></datafield><datafield ind1=" " ind2="4" tag="651"><subfield code="a">Lakemp (Okla.)</subfield><subfield code="v">Newspapers.</subfield></datafield><datafield ind1=" " ind2="4" tag="651"><subfield code="a">Beaver County (Okla.)</subfield><subfield code="v">Newspapers.</subfield></datafield><datafield ind1=" " ind2=" " tag="752"><subfield code="a">United States</subfield><subfield code="b">Oklahoma</subfield><subfield code="c">Beaver</subfield><subfield code="d">Lakemp.</subfield></datafield><datafield ind1="0" ind2="4" tag="785"><subfield code="t">Lakemp mirror</subfield><subfield code="w">(DLC)sn 93066084</subfield><subfield code="w">(OCoLC)28340505</subfield></datafield><datafield ind1="1" ind2=" " tag="029"><subfield code="a">AU@</subfield><subfield code="b">000025884940</subfield></datafield></record>